{
  "leader": "02579cam a22004931i 4500",
  "fields": [
    {
      "001": "ocm01612251\\"
    },
    {
      "003": "OCoLC"
    },
    {
      "005": "20220701164840.0"
    },
    {
      "008": "750909s1940\\\\\\\\dcuab\\\\\\\\\\\\\\\\f100\\0\\eng\\\\"
    },
    {
      "010": {
        "ind1": "\\",
        "ind2": "\\",
        "subfields": [
          {
            "a": "   40029179 "
          }
        ]
      }
    },
    {
      "040": {
        "ind1": "\\",
        "ind2": "\\",
        "subfields": [
          {
            "a": "DLC"
          },
          {
            "b": "eng"
          },
          {
            "c": "DLC"
          },
          {
            "d": "FUG"
          },
          {
            "d": "XBM"
          },
          {
            "d": "IXA"
          },
          {
            "d": "GZU"
          },
          {
            "d": "CRU"
          },
          {
            "d": "UKMGB"
          },
          {
            "d": "OCLCF"
          },
          {
            "d": "OCLCO"
          },
          {
            "d": "OCLCA"
          },
          {
            "d": "OCLCQ"
          },
          {
            "d": "OCLCO"
          },
          {
            "d": "OCLCQ"
          },
          {
            "d": "OCLCO"
          },
          {
            "d": "OCLCA"
          },
          {
            "d": "MTU"
          },
          {
            "d": "BDP"
          },
          {
            "d": "UMK"
          },
          {
            "d": "VYM"
          },
          {
            "d": "OCLCO"
          },
          {
            "d": "TEU"
          },
          {
            "d": "OCL"
          },
          {
            "d": "FUG"
          },
          {
            "d": "IL4J6"
          },
          {
            "d": "OCLCO"
          }
        ]
      }
    },
    {
      "016": {
        "ind1": "7",
        "ind2": "\\",
        "subfields": [
          {
            "a": "003720377"
          },
          {
            "2": "Uk"
          }
        ]
      }
    },
    {
      "019": {
        "ind1": "\\",
        "ind2": "\\",
        "subfields": [
          {
            "a": "1150862094"
          }
        ]
      }
    },
    {
      "035": {
        "ind1": "\\",
        "ind2": "\\",
        "subfields": [
          {
            "a": "(OCoLC)1612251"
          },
          {
            "z": "(OCoLC)1150862094"
          }
        ]
      }
    },
    {
      "042": {
        "ind1": "\\",
        "ind2": "\\",
        "subfields": [
          {
            "a": "premarc"
          }
        ]
      }
    },
    {
      "050": {
        "ind1": "0",
        "ind2": "0",
        "subfields": [
          {
            "a": "F2691.C4"
          },
          {
            "b": "U66"
          }
        ]
      }
    },
    {
      "055": {
        "ind1": "\\",
        "ind2": "4",
        "subfields": [
          {
            "a": "F2691 C4 U55"
          }
        ]
      }
    },
    {
      "080": {
        "ind1": "0",
        "ind2": "\\",
        "subfields": [
          {
            "a": "F2691 .C4 U66"
          }
        ]
      }
    },
    {
      "082": {
        "ind1": "0",
        "ind2": "4",
        "subfields": [
          {
            "a": "989"
          },
          {
            "b": "UNI"
          }
        ]
      }
    },
    {
      "110": {
        "ind1": "1",
        "ind2": "\\",
        "subfields": [
          {
            "a": "United States."
          },
          {
            "b": "Delegation (Chaco Peace Conference : 1935-1939 : Buenos Aires, Argentina)"
          }
        ]
      }
    },
    {
      "245": {
        "ind1": "1",
        "ind2": "4",
        "subfields": [
          {
            "a": "The Chaco Peace Conference :"
          },
          {
            "b": "report of the delegation of the United States of America to the Peace Conference held at Buenos Aires July 1, 1935-January 23, 1939."
          }
        ]
      }
    },
    {
      "264": {
        "ind1": "\\",
        "ind2": "1",
        "subfields": [
          {
            "a": "Washington, DC :"
          },
          {
            "b": "United States Government Printing Office,"
          },
          {
            "c": "1940."
          }
        ]
      }
    },
    {
      "300": {
        "ind1": "\\",
        "ind2": "\\",
        "subfields": [
          {
            "a": "iv, 198 pages :"
          },
          {
            "b": "illustrations (maps) ;"
          },
          {
            "c": "24 cm."
          }
        ]
      }
    },
    {
      "336": {
        "ind1": "\\",
        "ind2": "\\",
        "subfields": [
          {
            "a": "text"
          },
          {
            "b": "txt"
          },
          {
            "2": "rdacontent"
          }
        ]
      }
    },
    {
      "337": {
        "ind1": "\\",
        "ind2": "\\",
        "subfields": [
          {
            "a": "unmediated"
          },
          {
            "b": "n"
          },
          {
            "2": "rdamedia"
          }
        ]
      }
    },
    {
      "338": {
        "ind1": "\\",
        "ind2": "\\",
        "subfields": [
          {
            "a": "volume"
          },
          {
            "b": "nc"
          },
          {
            "2": "rdacarrier"
          }
        ]
      }
    },
    {
      "490": {
        "ind1": "1",
        "ind2": "\\",
        "subfields": [
          {
            "a": "Department of state. Publication 1466. Conference series 46"
          }
        ]
      }
    },
    {
      "500": {
        "ind1": "\\",
        "ind2": "\\",
        "subfields": [
          {
            "a": "Delegates of the United States: Hugh Gibson, July to November, 1935; Spruille Braden, November 13, 1935, to October 15, 1938; Alexander W. Weddell, October, 1938, to January, 1939. The report is signed by Spruille Braden."
          }
        ]
      }
    },
    {
      "500": {
        "ind1": "\\",
        "ind2": "\\",
        "subfields": [
          {
            "a": "\"Treaty of peace, friendship, and boundaries between the republics of Bolivia and Paraguay\": pages 148-151."
          }
        ]
      }
    },
    {
      "611": {
        "ind1": "2",
        "ind2": "0",
        "subfields": [
          {
            "a": "Chaco Peace Conference"
          },
          {
            "d": "(1935-1939 :"
          },
          {
            "c": "Buenos Aires, Argentina)"
          }
        ]
      }
    },
    {
      "650": {
        "ind1": "\\",
        "ind2": "0",
        "subfields": [
          {
            "a": "Arbitration (International law)"
          }
        ]
      }
    },
    {
      "611": {
        "ind1": "2",
        "ind2": "7",
        "subfields": [
          {
            "a": "Chaco Peace Conference."
          },
          {
            "2": "fast"
          },
          {
            "0": "(OCoLC)fst01405153"
          }
        ]
      }
    },
    {
      "650": {
        "ind1": "\\",
        "ind2": "7",
        "subfields": [
          {
            "a": "Arbitration (International law)"
          },
          {
            "2": "fast"
          },
          {
            "0": "(OCoLC)fst01761738"
          }
        ]
      }
    },
    {
      "655": {
        "ind1": "\\",
        "ind2": "7",
        "subfields": [
          {
            "a": "Conference papers and proceedings."
          },
          {
            "2": "fast"
          },
          {
            "0": "(OCoLC)fst01423772"
          }
        ]
      }
    },
    {
      "655": {
        "ind1": "\\",
        "ind2": "7",
        "subfields": [
          {
            "a": "Treaties."
          },
          {
            "2": "lcgft"
          }
        ]
      }
    },
    {
      "700": {
        "ind1": "1",
        "ind2": "\\",
        "subfields": [
          {
            "a": "Braden, Spruille,"
          },
          {
            "d": "1894-1978."
          }
        ]
      }
    },
    {
      "710": {
        "ind1": "1",
        "ind2": "\\",
        "subfields": [
          {
            "a": "Bolivia."
          },
          {
            "t": "Treaties, etc."
          },
          {
            "g": "Busch,"
          },
          {
            "d": "1937-1939."
          }
        ]
      }
    },
    {
      "710": {
        "ind1": "1",
        "ind2": "\\",
        "subfields": [
          {
            "a": "Paraguay."
          },
          {
            "t": "Treaties, etc."
          },
          {
            "g": "Paiva,"
          },
          {
            "d": "1937-1939."
          }
        ]
      }
    },
    {
      "776": {
        "ind1": "0",
        "ind2": "8",
        "subfields": [
          {
            "i": "Online version:"
          },
          {
            "a": "United States. Delegation to the Chaco Peace Conference, 1935-1939, Buenos Aires."
          },
          {
            "t": "Chaco Peace Conference."
          },
          {
            "d": "Washington, U.S. Govt. print. off., 1940"
          },
          {
            "w": "(OCoLC)657111861"
          }
        ]
      }
    },
    {
      "830": {
        "ind1": "\\",
        "ind2": "0",
        "subfields": [
          {
            "a": "Department of State publication ;"
          },
          {
            "v": "1466."
          }
        ]
      }
    },
    {
      "830": {
        "ind1": "\\",
        "ind2": "0",
        "subfields": [
          {
            "a": "Department of State publication."
          },
          {
            "p": "Conference series ;"
          },
          {
            "v": "46."
          }
        ]
      }
    },
    {
      "994": {
        "ind1": "\\",
        "ind2": "\\",
        "subfields": [
          {
            "a": "Z0"
          },
          {
            "b": "NYRVC"
          }
        ]
      }
    },
    {
      "948": {
        "ind1": "\\",
        "ind2": "\\",
        "subfields": [
          {
            "h": "NO HOLDINGS IN NYRVC - 261 OTHER HOLDINGS"
          }
        ]
      }
    },
    {
      "999": {
        "ind1": "\\",
        "ind2": "\\",
        "subfields": [
          {
            "a": "00000000016154"
          }
        ]
      }
    }
  ]
}